@BOOK{Barreto_Garcia2014-rc,
  title     = "Area y Volumenes: Deducciones Con Diversas Actividades y
               Aplicaciones",
  author    = "Barreto Garcia, Julio Cesar",
  publisher = "Createspace",
  year      =  2014,
  language  = "en"
}
